% Preferably, order your references for ease of searching, so that you don't get confused. 

@article{greenwade93,
    author  = "George D. Greenwade",
    title   = "The {C}omprehensive {T}ex {A}rchive {N}etwork ({CTAN})",
    year    = "1993",
    journal = "TUGBoat",
    volume  = "14",
    number  = "3",
    pages   = "342--351"
}

@misc{ieee_guide, 
title={A guide to technical report writing}, 
url={https://ias.ieee.org/wp-content/uploads/2023/06/2020-01-16_IET_Technical_Report_Writing_Guidelines.pdf}, 
journal={IEEE.org}, 
author={{The Institution of Engineering and Technology}},
note={[Accessed 1 March 2024]}
} 

@misc{Imper_VancouverGuide,
    url={https://www.imperial.ac.uk/media/imperial-college/administration-and-support-services/library/public/IMPP10650-College-Vancouver-Guide-230822-WEB.pdf},
    author={Library Services: Imperial College London},
    journal={Imperial College London},
    title={{Citing and Referencing: Vancouver Style}},
    year = {n.d.},
    note = {[Accessed 19 November 2023]}
}

@misc{Imper_VancouverGuideLaTeX,
    url={https://www.imperial.ac.uk/media/imperial-college/administration-and-support-services/library/public/LaTeX-example-Vancouver-apr-2019.pdf},
    author={Library Services: Imperial College London},
    journal={Imperial College London},
    title={{A Vancouver style for use with LaTeX (using natbib) – example}},
    year = {2019},
    note = {[Accessed 4 June 2024]}
}

@misc{Imper_HarvGuide,
    url={https://www.imperial.ac.uk/media/imperial-college/administration-and-support-services/library/public/IMPP10649-Harvard-Guide-230822-WEB.pdf},
    author={Library Services: Imperial College London},
    journal={Imperial College London},
    title={{Citing and Referencing: Harvard Style}},
    year = {n.d.},
    note = {[Accessed 19 November 2023]}
}

@misc{Imper_HarvGuideLaTeX,
    url={https://www.imperial.ac.uk/media/imperial-college/administration-and-support-services/library/public/LaTeX-example-Harvard-apr-2019.pdf},
    author={Library Services: Imperial College London},
    journal={Imperial College London},
    title={{A Harvard style for use with LaTeX (using natbib) – example}},
    year = {2019},
    note = {[Accessed 4 June 2024]}
}

@misc{TCD_Logo,
    url={https://www.tcd.ie/identity/logo-downloads/},
    author={Trinity College Dublin},
    journal={Identity},
    title={Logo downloads},
    year = {n.d.},
    note = {[Accessed 19 November 2023]}
}